<?xml version="1.0" encoding="UTF-8"?><record xmlns="http://www.loc.gov/MARC21/slim" xmlns:cinclude="http://apache.org/cocoon/include/1.0" xmlns:zs="http://www.loc.gov/zing/srw/">
  <leader>00539cz  a2200145n  4500</leader>
  <controlfield tag="001">nr 95037195 </controlfield>
  <controlfield tag="003">DLC</controlfield>
  <controlfield tag="005">19970626052153.2</controlfield>
  <controlfield tag="008">951010n| acannaab|          |a aaa     c</controlfield>
  <datafield tag="010" ind1=" " ind2=" ">
    <subfield code="a">nr 95037195 </subfield>
  </datafield>
  <datafield tag="040" ind1=" " ind2=" ">
    <subfield code="a">NNC</subfield>
    <subfield code="c">NNC</subfield>
    <subfield code="d">CtY</subfield>
  </datafield>
  <datafield tag="100" ind1="1" ind2="0">
    <subfield code="a">Sergeev, Vladimir,</subfield>
    <subfield code="d">1938-</subfield>
  </datafield>
  <datafield tag="400" ind1="1" ind2="0">
    <subfield code="a">Sergeev, V.</subfield>
    <subfield code="q">(Vladimir),</subfield>
    <subfield code="d">1938-</subfield>
  </datafield>
  <datafield tag="400" ind1="1" ind2="0">
    <subfield code="a">Sergeev, Vladimir Aleksandrovich,</subfield>
    <subfield code="d">1938-</subfield>
  </datafield>
  <datafield tag="670" ind1=" " ind2=" ">
    <subfield code="a">Moe bessonสนe, 1994:</subfield>
    <subfield code="b">t.p. (Vladimir Sergeev) t.p. verso (Sergeev V.) p. 3 (b. Sept. 1938 near Vladivostok; doctor and poet) colophon (Vladimir Aleksandrovich Sergeev)</subfield>
  </datafield>
</record>